% Encoding: UTF-8

@article{branciard2006zero,
  title={Zero-error attacks and detection statistics in the coherent one-way protocol for quantum cryptography},
  author={Branciard, Cyril and Gisin, Nicolas and Lutkenhaus, Norbert and Scarani, Valerio},
  journal={arXiv preprint quant-ph/0609090},
  year={2006}
}

@article{stucki2009continuous,
  title={Continuous high speed coherent one-way quantum key distribution},
  author={Stucki, Damien and Barreiro, Claudio and Fasel, Sylvain and Gautier, Jean-Daniel and Gay, Olivier and Gisin, Nicolas and Thew, Rob and Thoma, Yann and Trinkler, Patrick and Vannel, Fabien and others},
  journal={Optics express},
  volume={17},
  number={16},
  pages={13326--13334},
  year={2009},
  publisher={Optical Society of America}
}

@article{singh2014quantum,
  title={Quantum key distribution protocols: a review},
  author={Singh, Hitesh and Gupta, D and Singh, A},
  journal={IOSR Journal of Computer Engineering (IOSR-JCE)},
  volume={16},
  year={2014}
}

@article{kronberg2017analysis,
  title={Analysis of coherent quantum cryptography protocol vulnerability to an active beam-splitting attack},
  author={Kronberg, Dmitry Anatol'evich and Kiktenko, Evgeniy Olegovich and Fedorov, Aleksey Konstantinovich and Kurochkin, Yu V},
  journal={Quantum Electronics},
  volume={47},
  number={2},
  pages={163},
  year={2017},
  publisher={IOP Publishing}
}

@article{roberts2017modulator,
  title={Modulator-Free Coherent-One-Way Quantum Key Distribution},
  author={Roberts, George L and Lucamarini, Marco and Dynes, James F and Savory, Seb J and Yuan, ZL and Shields, Andrew J},
  journal={Laser \& Photonics Reviews},
  volume={11},
  number={4},
  pages={1700067},
  year={2017},
  publisher={Wiley Online Library}
}


@Comment{jabref-meta: databaseType:bibtex;}
