% Encoding: UTF-8

@ONLINE {venkatesanguruswami2010,
	author = "Venkatesan Guruswami",
	title  = "Introduction to Coding Theory - Notes 1: Introduction, linear codes",
	year   = "2010",
	url    = "https://www.cs.cmu.edu/venkatg/teaching/codingtheory/notes/notes1.pdf"
}

@Comment{jabref-meta: databaseType:bibtex;}
