% Encoding: UTF-8
@Manual{thorlabs,
title = {Thorlabs Balance Amplified Photodetectors: PDB4xx Series Operation Manual},
author = {Thorlabs},
year = {2014}
}


% Diamantino - Optical Detection
@book{loudon2000,
  Author = {Rodney Loudon},
  Title = {The Quantum Theory of Light},
  Publisher = {Oxford University Press},
  Year = {2000}
}

@book{fox2006,
  Author = {Mark Fox},
  Title = {Quantum Optics: An Introduction},
  Publisher = {Oxford University Press},
  Year = {2006}
}

@book{hans2004,
  Author = {Hans-A. Bachor and Timothy C. Ralph},
  Title = {A Guide to Experiments in Quantum Optics},
  Publisher = {Wiley-VCH},
  Year = {2004}
}

@article{chi2011balanced,
  title={A balanced homodyne detector for high-rate Gaussian-modulated coherent-state quantum key distribution},
  author={Chi, Yue-Meng and Qi, Bing and Zhu, Wen and Qian, Li and Lo, Hoi-Kwong and Youn, Sun-Hyun and Lvovsky, AI and Tian, Liang},
  journal={New Journal of Physics},
  volume={13},
  number={1},
  pages={013003},
  year={2011},
  publisher={IOP Publishing}
}

@article{shapiro1985quantum,
  title={Quantum noise and excess noise in optical homodyne and heterodyne receivers},
  author={Shapiro, J},
  journal={IEEE journal of quantum electronics},
  volume={21},
  number={3},
  pages={237--250},
  year={1985},
  publisher={IEEE}
}

@article{wang2018practical,
  title={Practical performance of real-time shot-noise measurement in continuous-variable quantum key distribution},
  author={Wang, Tao and Huang, Peng and Zhou, Yingming and Liu, Weiqi and Zeng, Guihua},
  journal={Quantum Information Processing},
  volume={17},
  number={1},
  pages={11},
  year={2018},
  publisher={Springer}
}

@article{kunz2015robust,
  title={Robust shot-noise measurement for continuous-variable quantum key distribution},
  author={Kunz-Jacques, S{\'e}bastien and Jouguet, Paul},
  journal={Physical Review A},
  volume={91},
  number={2},
  pages={022307},
  year={2015},
  publisher={APS}
}
